
@article{2012a,
  title = {{{MPLAB XC8 C Compiler User}}'s {{Guide}}},
  year = {2012},
  pages = {518},
  file = {C\:\\Users\\Josue\\Zotero\\storage\\53WWD4MG\\2012 - MPLAB XC8 C Compiler User's Guide.pdf},
  language = {en}
}

@book{angulo2002,
  title = {Electr\'onica Digital Moderna},
  author = {Angulo, Jos{\'e} Mar{\'i}a},
  year = {2002}
}

@article{angulousategui2003,
  title = {Microcontroladores {{PIC}}: Dise\~no Practico de Aplicaciones},
  shorttitle = {Microcontroladores {{PIC}}},
  author = {Angulo Usategui, Jos{\'e} Ma and Angulo Mart{\'i}nez, Ignacio},
  year = {2003},
  file = {C\:\\Users\\Josue\\Zotero\\storage\\RPMGR23Q\\wxis.exe.html}
}

@book{bignell1997,
  title = {Electr\'onica Digital},
  author = {Bignell, James W. and Donovan, Robert L. and Urbina Medel, Gerardo},
  year = {1997},
  file = {C\:\\Users\\Josue\\Zotero\\storage\\HTGAF9NR\\wxis.exe.html}
}

@article{fischer2012,
  title = {The Evolution of Character Codes, 1874-1968},
  author = {Fischer, Eric},
  year = {2012},
  publisher = {{Citeseer}},
  file = {C\:\\Users\\Josue\\Zotero\\storage\\I5ZT2WAZ\\Fischer - 2012 - The evolution of character codes, 1874-1968.pdf},
  journal = {citeseerx. ist}
}

@misc{FlipFlopRS,
  title = {Flip {{Flop RS}} Sin Reloj},
  abstract = {Flip Flop RS sin reloj En el sitio web podr\'as encontrar material descargable \'util y ver nuestros v\'ideos. https://sites.google.com/site/mecatro... Ingresa y siguenos en nuestras redes sociales: https://www.facebook.com/Lesingenieur... https://plus.google.com/u/1/b/1078447...}
}

@book{floyd2006,
  title = {Fundamentos de Sistemas Digitales},
  author = {Floyd, Thomas L.},
  year = {2006},
  publisher = {{Prentice Hall}},
  annotation = {cites: floydSistemasDigitaisFundamentos2009},
  file = {C\:\\Users\\Josue\\Zotero\\storage\\F3857BLC\\Floyd y Caño - 1997 - Fundamentos de sistemas digitales.pdf}
}

@book{horowitz2015,
  title = {The Art of Electronics},
  author = {Horowitz, Paul and Hill, Winfield},
  year = {2015},
  publisher = {{Cambridge Univ. Press}},
  file = {C\:\\Users\\Josue\\Zotero\\storage\\IK9V9N8Z\\Horowitz and Hill - 1989 - The art of electronics.pdf}
}

@book{karris2007,
  title = {Digital Circuit Analysis and Design with {{Simulink}} Modeling and Introduction to {{CPLDs}} and {{FPGAs}}},
  author = {Karris, Steven T.},
  year = {2007},
  publisher = {{Orchard Publications}},
  file = {C\:\\Users\\Josue\\Zotero\\storage\\5WGDTE29\\books.html}
}

@misc{Logisim,
  title = {Logisim},
  file = {C\:\\Users\\Josue\\Zotero\\storage\\JJ3PBUP9\\logisim.html},
  howpublished = {http://www.cburch.com/logisim/}
}

@misc{logisim-evolution2020,
  title = {Logisim-Evolution},
  author = {{logisim-evolution}},
  year = {2020},
  month = aug,
  abstract = {Digital logic designer and simulator. Contribute to reds-heig/logisim-evolution development by creating an account on GitHub.},
  copyright = {View license         ,                 View license}
}

@misc{LTspiceDesignCenter,
  title = {{{LTspice}} | {{Design Center}} | {{Analog Devices}}},
  file = {C\:\\Users\\Josue\\Zotero\\storage\\XWDAQ5R8\\ltspice-simulator.html},
  howpublished = {https://www.analog.com/en/design-center/design-tools-and-calculators/ltspice-simulator.html}
}

@book{mano2003,
  title = {Dise\~no Digital},
  author = {Mano, M. Morris},
  year = {2003},
  publisher = {{Pearson Educaci\'on}},
  file = {C\:\\Users\\Josue\\Zotero\\storage\\3TG96F3Y\\Mano - 2003 - Diseño digital.pdf;C\:\\Users\\Josue\\Zotero\\storage\\H5PNW8YN\\books.html}
}

@book{mano2017,
  title = {Digital Logic and Computer Design},
  author = {Mano, M. Morris},
  year = {2017},
  publisher = {{Pearson Education India}},
  file = {C\:\\Users\\Josue\\Zotero\\storage\\KQURTEWK\\Mano - 2017 - Digital logic and computer design.pdf}
}

@misc{microchip2018,
  title = {{{PIC18F4525}} - {{Microcontrollers}} and {{Processors}}},
  author = {, Microchip},
  year = {2018},
  file = {C\:\\Users\\Josue\\Zotero\\storage\\U62UB4JM\\PIC18F4525.html},
  howpublished = {https://www.microchip.com/wwwproducts/en/PIC18F4525}
}

@misc{noauthor_schemdraw_nodate,
  title = {Schemdraw Documentation \textemdash{} {{SchemDraw}} 0.7.1 Documentation},
  file = {C\:\\Users\\Josue\\Zotero\\storage\\TQQCSGEN\\latest.html},
  howpublished = {https://schemdraw.readthedocs.io/en/latest/}
}

@misc{noauthor_sn74ls75_nodate,
  title = {{{SN74LS75}} Data Sheet, Product Information and Support | {{TI}}.Com},
  file = {C\:\\Users\\Josue\\Zotero\\storage\\C8EMJQKJ\\SN74LS75.html},
  howpublished = {https://www.ti.com/product/SN74LS75}
}

@article{palacios2004,
  title = {Microcontrolador {{PIC16F84}}. {{Desarrollo}} de Proyectos},
  author = {Palacios, Enrique and Remiro, Fernando and L{\'o}pez, Lucas J.},
  year = {2004},
  file = {C\:\\Users\\Josue\\Zotero\\storage\\CH7NDQ7T\\Microcontrolador+pic16f84+desarrollo+de+proyectos.html},
  journal = {Ra-Ma}
}

@book{rafiquzzaman2005,
  title = {Fundamentals of Digital Logic and Microcomputer Design},
  author = {Rafiquzzaman, Mohamed},
  year = {2005},
  publisher = {{John Wiley \& Sons}},
  file = {C\:\\Users\\Josue\\Zotero\\storage\\V3NBFWLK\\books.html}
}

@article{rela2010,
  title = {Electricidad y Electr\'onica},
  author = {Rela, Agustin},
  year = {2010},
  journal = {Buenos aires, Argentina: Instituto Nacional de Edu-caci\'on Tecnol\'ogica}
}

@book{ronald2007,
  title = {{{SISTEMAS DIGITALES}}: Principios y Aplicaciones .},
  shorttitle = {{{SISTEMAS DIGITALES}}},
  author = {RONALD, J. and TOCCI, WIDMER and NEAL, S. and MOSS, GREGORY L.},
  year = {2007},
  publisher = {{Pearson Educacion}}
}

@article{schilling1993,
  title = {Circuitos Electr\'onicos: Discretos e Integrados},
  shorttitle = {Circuitos Electr\'onicos},
  author = {Schilling, Donald L. and Belove, Charles},
  year = {1993},
  publisher = {{Marcombo,}},
  file = {C\:\\Users\\Josue\\Zotero\\storage\\QPUPYCFC\\wxis.exe.html}
}

@misc{talavera,
  title = {{PICmicro\textregistered{} MCU Estudio - \textquestiondown qu\'e es un microcontrolador?}},
  author = {Talavera, Michel Vanesa Calzada},
  abstract = {En esta pagina se listan la mayoria de los productos que Electronicaestudio pone a disposicion de estudiantes, profesionales y hobbyistas.},
  file = {C\:\\Users\\Josue\\Zotero\\storage\\9Y95RNEF\\que-es-un-microcontrolador.html},
  howpublished = {https://www.electronicaestudio.com/que-es-un-microcontrolador/},
  journal = {Electronica Estudio},
  language = {es}
}

@book{valdes2007,
  title = {Microcontroladores Fundamentos y Aplicaciones Con {{PIC}}},
  author = {Vald{\'e}s, Fernando and Areny, Ram{\'o}n Pall{\'a}s},
  year = {2007},
  volume = {1149},
  publisher = {{Marcombo}},
  file = {C\:\\Users\\Josue\\Zotero\\storage\\YBA7ZAFQ\\Valdés and Areny - 2007 - Microcontroladores fundamentos y aplicaciones con .pdf;C\:\\Users\\Josue\\Zotero\\storage\\HJDEDHD8\\books.html}
}

@article{ward2020,
  title = {C {{Programming}} for the {{PIC Microcontroller}}},
  author = {Ward, Hubert Henry},
  year = {2020},
  publisher = {{Springer}},
  issn = {978-1-4842-5525-4},
  file = {C\:\\Users\\Josue\\Zotero\\storage\\RW67JXTY\\10.html},
  language = {en}
}

@misc{zotero-217,
  title = {Graphviz - {{Graph Visualization Software}}},
  file = {C\:\\Users\\Josue\\Zotero\\storage\\TP8WKAXF\\graphviz.org.html},
  howpublished = {https://graphviz.org/}
}

@misc{zotero-226,
  title = {Developer {{Help Training}}},
  file = {C\:\\Users\\Josue\\Zotero\\storage\\QT4USKEP\\8040431-ide-overview.html},
  howpublished = {https://developerhelptraining.thinkific.com/courses/take/introtomplabx/texts/8040431-ide-overview}
}

@misc{zotero-228,
  title = {Inputoutput-Ports},
  abstract = {MikroElektronika produces a wide range of development tools, compilers and books for various microcontroller families.},
  file = {C\:\\Users\\Josue\\Zotero\\storage\\PAFTCWU8\\inputoutput-ports.html},
  howpublished = {http://www.mikroe.com/ebooks/pic-microcontrollers-programming-in-c/inputoutput-ports},
  journal = {MikroElektronika},
  language = {en-us}
}


